@article{1,
author = {Stroustrup, Bjarne},
doi = {10.1145/1629175.1629192},
journal = {Communications of the ACM},
month = {jan},
number = {1},
pages = {40},
title = {{What should we teach new software developers? Why?}},
url = {http://portal.acm.org/citation.cfm?doid=1629175.1629192},
volume = {53},
year = {2010}
} 

@INPROCEEDINGS{2, 
author={M. Missiroli and D. Russo and P. Ciancarini}, 
booktitle={2016 IEEE/ACM 38th International Conference on Software Engineering Companion (ICSE-C)}, 
title={Learning Agile Software Development in High School: An Investigation}, 
year={2016}, 
pages={293-302}, 
keywords={Color;Context;Education;Programming profession;Software;Software engineering;Agile;High School Education;Pair Programming}, 
month={May},}

@INPROCEEDINGS{3, 
author={J. J. LaBouliere and A. Pelloth and C. L. Lu and J. Ng}, 
booktitle={2015 IEEE Frontiers in Education Conference (FIE)}, 
title={An exploration of the attitudes of young girls toward the field of computer science}, 
year={2015}, 
pages={1-6}, 
keywords={computer science education;educational institutions;gender issues;programming;United States;computer programming;computer science field;female computer science professionals;middle school students;young girl attitude exploration;young girl confidence;Computers;Engineering profession;Interviews;Programming profession;Software;STEM;computer science;education;middle school girls;programming}, 
doi={10.1109/FIE.2015.7344265}, 
month={Oct},}

@INPROCEEDINGS{4, 
author={E. Whitworth and R. Biddle}, 
booktitle={Agile 2007 (AGILE 2007)}, 
title={The Social Nature of Agile Teams}, 
year={2007}, 
pages={26-36}, 
keywords={software engineering;adaptive socio-technical systems;agile methodologies;agile teams;qualitative grounded theory;socio-psychological experience;software development;Adaptive systems;Agile manufacturing;Animation;Assembly;Humans;Lean production;Programming;Psychology;Sociotechnical systems;Software engineering}, 
doi={10.1109/AGILE.2007.60}, 
month={Aug},}

@article{5,
 author = {Kaczmarczyk, Lisa C.},
 title = {Questioning Our Assumptions About Introverts and Computing},
 journal = {ACM Inroads},
 issue_date = {December 2013},
 volume = {4},
 number = {4},
 month = dec,
 year = {2013},
 issn = {2153-2184},
 pages = {24--25},
 numpages = {2},
 url = {http://doi.acm.org.ezproxy.falmouth.ac.uk/10.1145/2537753.2537763},
 doi = {10.1145/2537753.2537763},
 acmid = {2537763},
 publisher = {ACM},
 address = {New York, NY, USA},
} 


@INPROCEEDINGS{6, 
author={S. T. Frezza}, 
booktitle={2016 IEEE Frontiers in Education Conference (FIE)}, 
title={Issues in student valuing of software engineering best practices}, 
year={2016}, 
pages={1-4}, 
keywords={computer aided instruction;computer science education;program testing;software engineering;best practice skill areas;cognitive-domain learning;domain learning;education literature;software engineering education;software engineering skills valuation;software quality assurance;software testing;Best practices;Education;Instruments;Software;Software engineering;Software testing;Affective Domain;Best Practices;Software Engineering}, 
doi={10.1109/FIE.2016.7757556}, 
month={Oct},}

@article{7,
 author = {Beyer, Sylvia and Rynes, Kristina and Perrault, Julie and Hay, Kelly and Haller, Susan},
 title = {Gender Differences in Computer Science Students},
 journal = {SIGCSE Bull.},
 issue_date = {January 2003},
 volume = {35},
 number = {1},
 month = jan,
 year = {2003},
 issn = {0097-8418},
 pages = {49--53},
 numpages = {5},
 url = {http://doi.acm.org.ezproxy.falmouth.ac.uk/10.1145/792548.611930},
 doi = {10.1145/792548.611930},
 acmid = {611930},
 publisher = {ACM},
 address = {New York, NY, USA},
 keywords = {confidence, gender, stereotyping},
} 


@article{8,
 author = {Othman, Mazliza and Latih, Rodziah},
 title = {Women in Computer Science: No Shortage Here!},
 journal = {Commun. ACM},
 issue_date = {March 2006},
 volume = {49},
 number = {3},
 month = mar,
 year = {2006},
 issn = {0001-0782},
 pages = {111--114},
 numpages = {4},
 url = {http://doi.acm.org.ezproxy.falmouth.ac.uk/10.1145/1118178.1118185},
 doi = {10.1145/1118178.1118185},
 acmid = {1118185},
 publisher = {ACM},
 address = {New York, NY, USA},
} 

@article{9,
author={J. Margolis, A. Fisher,  F.Miller},
title={The Anatomy of Interest: Women in Undergraduate Computer Science},
journal={Women's Studies Quarterly},
volume={29},
issue={1/2},
pages={104-127},
publisher={The Feminst Press at the City University of New York},
year={2000},
}

@article{10,
 author = {Dattero, Ronald and Galup, Stuart D.},
 title = {Programming Languages and Gender},
 journal = {Commun. ACM},
 issue_date = {January 2004},
 volume = {47},
 number = {1},
 month = jan,
 year = {2004},
 issn = {0001-0782},
 pages = {99--102},
 numpages = {4},
 url = {http://doi.acm.org/10.1145/962081.962087},
 doi = {10.1145/962081.962087},
 acmid = {962087},
 publisher = {ACM},
 address = {New York, NY, USA},
} 

@misc{11,
author={A.Schlesinger},
title={Feminism and Programming Languages},
year={2013}, 
date={November 26},
howpublished={Online},
url={http://www.hastac.org/blogs/arischlesinger/2013/11/26/feminism-and-programming-languages},
}

@misc{12,
title={Higher Education Statistics 2016},
publisher={Wise Campaign},
howpublished={Online},
year={2017},
date={February 8},
url={https://www.wisecampaign.org.uk/resources/2017/02/higher-education-statistics-2016},
}

@INPROCEEDINGS{gender, 
author={A. J. Hussain and L. Connell and H. Francis and D. Al-Jumeily and P. Fergus and N. Radi}, 
booktitle={2015 International Conference on Developments of E-Systems Engineering (DeSE)}, 
title={An Investigation into Gender Disparities in the Field of Computing}, 
year={2015}, 
pages={20-25}, 
keywords={computer science;gender issues;British University;Faculty of Technology and Environment;career;computer science;computing field;female role models;female students recruitment;female students retention;gender disparities;gender imbalance;male species;negative stereotypical images;Companies;Computer science;Computers;Engineering profession;Industries;STEM;STEM;computer science;female underrepresentation;women}, 
doi={10.1109/DeSE.2015.17}, 
month={Dec},}

@inproceedings{14,
 author = {Khan, Nazish Zaman and Luxton-Reilly, Andrew},
 title = {Is Computing for Social Good the Solution to Closing the Gender Gap in Computer Science?},
 booktitle = {Proceedings of the Australasian Computer Science Week Multiconference},
 series = {ACSW '16},
 year = {2016},
 isbn = {978-1-4503-4042-7},
 location = {Canberra, Australia},
 pages = {17:1--17:5},
 articleno = {17},
 numpages = {5},
 url = {http://doi.acm.org.ezproxy.falmouth.ac.uk/10.1145/2843043.2843069},
 doi = {10.1145/2843043.2843069},
 acmid = {2843069},
 publisher = {ACM},
 address = {New York, NY, USA},
 keywords = {computer science education, gender, social good, women},
} 

@inproceedings{15,
author={L. J. Sax and others},
title={ Anatomy of an Enduring Gender Gap: The Evolution of Womenâ€™s Participation in Computer Science.},
year={2015},
booktitle={ American Educational Research Association},
}